<?xml version="1.0" encoding="UTF-8"?><collection xmlns="http://www.loc.gov/MARC21/slim"><record><leader>00493nam--2200169-i-4500</leader><controlfield tag="001">000027783</controlfield><controlfield tag="002">20161230</controlfield><controlfield tag="005">20161230201037</controlfield><controlfield tag="008">060222s1000------------r-----000-0-eng-d</controlfield><datafield ind1=" " ind2=" " tag="040"><subfield code="a">IFIN-HH</subfield></datafield><datafield ind1=" " ind2=" " tag="080"><subfield code="a">538.945:537.312.62</subfield></datafield><datafield ind1="1" ind2=" " tag="100"><subfield code="a">Laue, Von M</subfield></datafield><datafield ind1="1" ind2="0" tag="245"><subfield code="a">Theory of superconductivity</subfield><subfield code="b">Translated by lothar meyer and william band</subfield><subfield code="c">M von laue</subfield></datafield><datafield ind1=" " ind2=" " tag="260"><subfield code="a">New York</subfield><subfield code="b">Academic Press Inc., Publishers</subfield><subfield code="c">1952</subfield></datafield><datafield ind1=" " ind2=" " tag="300"><subfield code="a">X + 140P</subfield></datafield><datafield ind1=" " ind2=" " tag="852"><subfield code="a">75296</subfield><subfield code="c">539.2</subfield></datafield><datafield ind1=" " ind2=" " tag="CAT"><subfield code="a">Sys</subfield><subfield code="c">20121126</subfield><subfield code="h">171650</subfield></datafield></record></collection>